@book{Wettl04,
  author    = {Ferenc Wettl and Gyula Mayer and Péter Szabó},
  publisher = {Panem Könyvkiadó},
  title     = {\LaTeX~kézikönyv},
  year      = {2004},
}

@article{Candy86,
  author       = {James C. Candy},
  journaltitle = {{IEEE} Trans.\ on Communications},
  month        = {01},
  note         = {\doi{10.1109/TCOM.1986.1096432}},
  number       = {1},
  pages        = {72--76},
  title        = {Decimation for Sigma Delta Modulation},
  volume       = {34},
  year         = {1986},
}

@inproceedings{Lee87,
  author    = {Wai L. Lee and Charles G. Sodini},
  booktitle = {Proc.\ of the IEEE International Symposium on Circuits and Systems},
  location  = {Philadelphia, PA, USA},
  month     = {05~4--7},
  pages     = {459--462},
  title     = {A Topology for Higher Order Interpolative Coders},
  vol       = {2},
  year      = {1987},
}

@thesis{KissPhD,
  author      = {Peter Kiss},
  institution = {Technical University of Timi\c{s}oara, Romania},
  month       = {04},
  title       = {Adaptive Digital Compensation of Analog Circuit Imperfections for Cascaded Delta-Sigma Analog-to-Digital Converters},
  type        = {phdthesis},
  year        = {2000},
}

@manual{Schreier00,
  author       = {Richard Schreier},
  month        = {01},
  note         = {\url{http://www.mathworks.com/matlabcentral/fileexchange/}},
  organization = {Oregon State University},
  title        = {The Delta-Sigma Toolbox v5.2},
  year         = {2000},
}

@misc{DipPortal,
  author       = {{Budapesti Műszaki és Gazdaságtudományi Egyetem Villamosmérnöki és Informatikai Kar}},
  howpublished = {\url{http://diplomaterv.vik.bme.hu/}},
  title        = {Diplomaterv portál (2011. február 26.)},
}

@incollection{Mkrtychev:1997,
  author    = {Mkrtychev, Alexey},
  booktitle = {Logical Foundations of Computer Science},
  doi       = {10.1007/3-540-63045-7_27},
  editor    = {Adian, Sergei and Nerode, Anil},
  isbn      = {978-3-540-63045-6},
  pages     = {266-275},
  publisher = {Springer Berlin Heidelberg},
  series    = {Lecture Notes in Computer Science},
  title     = {Models for the logic of proofs},
  url       = {http://dx.doi.org/10.1007/3-540-63045-7_27},
  volume    = {1234},
  year      = {1997},
}

@report{Jeney,
  author      = {Jeney, Gábor},
  institution = {Budapesti Műszaki és Gazdaságtudományi Egyetem, Híradástechnikai Tanszék},
  location    = {Budapest},
  note        = {\url{http://www.mcl.hu/~jeneyg/kinezet.pdf}},
  title       = {Hogyan néz ki egy igényes dokumentum? {N}éhány szóban az alapvető tipográfiai szabályokról},
  type        = {techreport},
  year        = {2014},
}

% user added

@misc{chacha2051:online,
author = {},
title = {chacha-20080128.pdf},
howpublished = {\url{https://cr.yp.to/chacha/chacha-20080128.pdf}},
month = {},
year = {},
note = {(Accessed on 12/13/2019)}
}

@misc{salsafam18:online,
author = {},
title = {salsafamily-20071225.pdf},
howpublished = {\url{https://cr.yp.to/snuffle/salsafamily-20071225.pdf}},
month = {},
year = {},
note = {(Accessed on 12/13/2019)}
}

@article{MQTT:article,
  author       = {Urs Hunkeler ; Hong Linh Truong ; Andy Stanford-Clark},
  journaltitle = {{IEEE} MQTT-S — A publish/subscribe protocol for Wireless Sensor Networks - IEEE Conference Publication},
  month        = {01},
  note         = {\doi{10.1109/COMSWA.2008.4554519}},
  title        = {MQTT-S — A publish/subscribe protocol for Wireless Sensor Networks - IEEE Conference Publication},
  year         = {2008},
}


@article{smartbuildingiot:article,
  author       = {Nicolas Havard ; Sean McGrath ; Colin Flanagan ; Ciaran MacNamee },
  journaltitle = {{IEEE} Smart Building Based on Internet of Things Technology},
  month        = {12},
  note         = {\doi{10.1109/ICSensT.2018.8603575}},
  title        = {Smart Building Based on Internet of Things Technology},
  year         = {2018},
}


@misc{esp8266:online,
author = {},
title = {0a-esp8266ex\_datasheet\_en},
howpublished = {\url{https://www.espressif.com/sites/default/files/documentation/0a-esp8266ex_datasheet_en.pdf}},
month = {},
year = {},
note = {(Accessed on 12/13/2019)}
}

@misc{espnow:online,
author = {},
title = {ESP-NOW — ESP-IDF Programming Guide v4.1-dev-1066-g93a8603c5 documentation},
howpublished = {\url{https://docs.espressif.com/projects/esp-idf/en/latest/api-reference/network/esp_now.html}},
month = {},
year = {},
note = {(Accessed on 12/13/2019)}
}

@misc{ESPMESH—29:online,
author = {},
title = {ESP-MESH — ESP-IDF Programming Guide v4.1-dev-1066-g93a8603c5 documentation},
howpublished = {\url{https://docs.espressif.com/projects/esp-idf/en/latest/api-guides/mesh.html}},
month = {},
year = {},
note = {(Accessed on 12/13/2019)}
}

@misc{esphome:online,
author = {},
title = {ESPHome — ESPHome},
howpublished = {\url{https://esphome.io/index.html}},
month = {},
year = {},
note = {(Accessed on 12/13/2019)}
}

@misc{homeassist:online,
author = {},
title = {Automating Home Assistant - Home Assistant},
howpublished = {\url{https://www.home-assistant.io/docs/automation/}},
month = {},
year = {},
note = {(Accessed on 12/13/2019)}
}



https://ieeexplore.ieee.org/abstract/document/4554519